%!TEX root = ./Mould_Analytical_Calculation_Note.tex

@article{
  1986KO,
  author= {Kagawa, A. and Okamoto, T.},
  title= {Influence of alloying elements on temperature and composition for peritectic reaction in plain carbon steels},
  journal= {Materials Science and Technology},
  volume= {2},
  number= {10},
  pages= {997-1008},
  year= {1986},
  publisher= {Taylor & Francis},
  doi= {10.1179/mst.1986.2.10.997},
  URL= {https://doi.org/10.1179/mst.1986.2.10.997},
  eprint= {https://doi.org/10.1179/mst.1986.2.10.997}
}


