%!TEX root = ../RPA_for_Creating_Program_Note.tex

@article{
  1986KO,
  author= {Kagawa, A. and Okamoto, T.},
  title= {Influence of alloying elements on temperature and composition for peritectic reaction in plain carbon steels},
  journal= {Materials Science and Technology},
  volume= {2},
  number= {10},
  pages= {997-1008},
  year= {1986},
  publisher= {Taylor & Francis},
  doi= {10.1179/mst.1986.2.10.997},
  URL= {https://doi.org/10.1179/mst.1986.2.10.997},
  eprint= {https://doi.org/10.1179/mst.1986.2.10.997}
}



@online{
  eGovCopyrightLaw,
  title = {Copyright Law},
  author = {e-Gov},
  year = {2023/05/26},
  url = {https://elaws.e-gov.go.jp/document?lawid=345AC0000000048},
  urldate = {2024-02-01}
}

@online{
  eGovPersonalInfoProtectionLaw,
  title = {Act on the Protection of Personal Information (Personal Information Protection Law)},
  author = {e-Gov},
  year = {2023/11/29},
  url = {https://elaws.e-gov.go.jp/document?lawid=415AC0000000057},
  urldate = {2024-02-01}
}
