%!TEX root=../RPA_for_Creating_Program_Note.tex


@online{
  online:eGovCopyrightLaw,
  author={e-Gov},
  title={Copyright Law},
  date={2024-07-19},
  url={https://laws.e-gov.go.jp/law/345AC0000000048},
  urldate={2024-10-02},
  keywords={citedwork},
  langid={english},
}
@online{
  online:eGovPersonalInfoProtectionLaw,
  author={e-Gov},
  title={Act on the Protection of Personal Information (Personal Information Protection Law)},
  date={2024-04-01},
  url={https://laws.e-gov.go.jp/law/415AC0000000057},
  urldate={2024-10-02},
  keywords={citedwork},
  langid={english},
}

@article{
  article:1986KO,
  author={Kagawa, A. and Okamoto, T.},
  title={Influence of alloying elements on temperature and composition for peritectic reaction in plain carbon steels},
  journal={Materials Science and Technology},
  volume={2},
  number={10},
  year={1986},
  pages={997-1008},
  publisher={Taylor & Francis},
  doi={10.1179/mst.1986.2.10.997},
  eprint={https://doi.org/10.1179/mst.1986.2.10.997},
  keywords={citedwork},
  langid={english},
}

@online{
  online:Pygments,
  author={Georg Brandl and Pygments contributors},
  title={Pygments},
  date={2024-05-04},
  url={https://pygments.org/},
  urldate={2024-10-15},
  keywords={reference},
  langid={english},
}

@manual{
  package:2023Tantau,
  author={Till Tantau},
  title={The \tikzlogo{} and \pgflogo{} Packages},
  date={2023-01-15},
  addendum={Copyright 2005–2016 Till Tantau, 2019–2020 Henri Menke, 2021–2023 The \pgflogo{}/\tikzlogo{} Team},
  url={https://ctan.org/tex-archive/graphics/pgf/base},
  urldate={2024-10-02},
  keywords={reference},
  langid={english},
}
@manual{
  package:2024Thomas,
  author={Thomas F. Sturm},
  title={The {\ttfamily tcolorbox} Package},
  addendum={Copyright 2006–2024 Prof. Dr. Thomas F. Sturm},
  date={2024-09-27},
  url={https://ctan.org/pkg/tcolorbox},
  urldate={2024-10-02},
  keywords={reference},
  langid={english},
}
@manual{
  package:2024Jianrui,
  author={Jianrui Lyu},
  title={\sffamily Typeset Tabulars and Arrays with \hologo{LaTeX3}},
  date={2024-02-16},
  addendum={Copyright 2021–2024 Jianrui Lyu},
  url={https://ctan.org/pkg/tabularray},
  urldate={2024-10-02},
  keywords={reference},
  langid={english},
}
@manual{
  package:2023KOMAScript,
  author={Frank Neukam, Markus Kohm, Axel Kielhorn},
  title={\KOMAScript},
  date={2024-10-15},
  url={https://www.ctan.org/pkg/scrbook},
  urldate={2024-10-16},
  keywords={reference},
  langid={english},
}
@manual{
  package:2023Geoffrey,
  author={Geoffrey M. Poore},
  title={The minted package: Highlighted source code in \hologo{LaTeX}},
  date={2024-10-07},
  addendum={Copyright 2010–2011 Konrad Rudolph, 2013–2024 Geoffrey M. Poore.},
  url={https://ctan.org/pkg/minted},
  urldate={2024-10-09},
  keywords={reference},
  langid={english},
}

